@article{Zaharescu2010,
   author = {Alexandru Zaharescu and Mohammad Zaki},
   doi = {10.4064/aa145-3-2},
   issn = {00651036},
   issue = {3},
   journal = {Acta Arithmetica},
   title = {On the parity of the number of multiplicative partitions},
   volume = {145},
   year = {2010}
}
@article{Chamberland2013,
   abstract = {New formulas for the multiplicative partition function are developed. Besides giving a fast algorithm for generating these partitions, new identities for additive partitions and the Riemann zeta function are also produced.},
   author = {Marc Chamberland and Colin Johnson and Alice Nadeau and Bingxi Wu},
   doi = {10.37236/2977},
   issn = {10778926},
   issue = {2},
   journal = {Electronic Journal of Combinatorics},
   title = {Multiplicative partitions},
   volume = {20},
   year = {2013}
}
